@book{Dubin96,
    address={Rio de Janeiro, Brazil},
    author={Dale Dubin},
    translator={Ismar Chaves da Silveira},
    title={Interpretação rápida do ECG: ... um curso programado},
    publisher={Editora de Publicações Científicas},
    year={1996}
}

@book{Who04,
    key={World Health Organization},
    title={The global burden of disease: 2004 update},
    publisher={World Health Organization},
    year={2004}
}

@misc{Lima01,
    author={Guilherme Lazarotto de Lima},
    title={Detecção Automática de Isquemias Cardíacas},
    publisher={Universidade Federal do Rio Grande do Sul},
    year={2012},
    address={Porto Alegre, Brazil}
}

@article{Rocha10,
    author={T. Rocha and S. Paredes and P. Carvalho and J. Henriques and M. Harris and J. Morais and M. Antumes},
    journal={Biomedical Signal Processing and Control},
    title={A lead dependent ischemic episodes detection strategy using Hermite functions},
    issn={1746-8094},
    volume={5},
    number={4},
    pages={271-281},
    year={2010}
}

@inproceedings{Pang05,
    author={L. Pang and I. Tchoudovski and M. Braecklein and K. Egorouchkina and W. Kellermann and A. Bolz},
    title={Real-time heart ischemia detection in the smart home care system.},
    booktitle={Procedings of the IEEE Engineering in Medicine and Biology Society. 27th Annual Conference},
    year={2005},
    editor={IEEE},
    address={Shanghai, China},
    pages={3703-3706}
}

@article{Sun05,
    title={Characteristic wave detection in ECG signal using morphological transform},
    journal={BMC Cardiovascular Disorders},
    author={Yan Sun and Kap Luk Chan and Shankar Muthu Krishnan},
    year={2005}
}

@inproceedings{Couceiro08, 
    author={R. Couceiro and P. Carvalho and J. Henriques and M. Antunes}, 
    booktitle={Proceedings of the IEEE Engineering in Medicine and Biology Society. 30th Annual International Conference}, 
    title={On the detection of Premature Ventricular Contractions}, 
    year={2008}, 
    pages={1087-1091},
    issn={1557-170X},
    address={Vancouver, Canada},
}

@article{Varella11,
    author={Fernando Arena Varella and Guilherme Lazzarotto de Lima and Cirano Iochpe and Valter Roesler},
    title={A method for the automatic classification of ECG beat on mobile phones},
    journal={Proceedings of the 26th IEEE International Symposium on Computer-Based Medical Systems},
    volume={0},
    year={2011},
    pages={1-6},
    publisher={IEEE Computer Society},
    address={Los Alamitos, CA, USA},
}

@article{Krishnan02,
    author={Shankar Muthu Krishnan and Chee Keong Kwoh and Yan Sun and Kap Luk Chan},
    journal={Computers in Biology and Medicine},
    number={6},
    pages={465–479},
    title={ECG signal conditioning by morphological filters},
    volume={32},
    year={2002}
}

@article{Mohebbi07,
    author={M. Mohebbi and H. A. Moghadam},
    journal={Signal Processing and Communications Applications},
    booktitle={Signal Processing and Communications Applications, 2007. SIU 2007. IEEE 15th},
    title={Real-Time Ischemic Beat Classification Using Backpropagation Neural Network},
    year={2007},
    pages={1-4}
}

@article{Chu89,
    author={Chee-Hung Henry Chu and Edward J. Delp}, 
    journal={Biomedical Engineering, IEEE Transactions}, 
    title={Impulsive noise suppression and background normalization of electrocardiogram signals using morphological operators}, 
    year={1989}, 
    volume={36}, 
    number={2}, 
    pages={262-273}, 
    issn={0018-9294}
}

@inproceedings{Gopalak04,
    issn={1557-170X},
    volume={1},
    year={2004},
    booktitle={Proceedings of the IEEE Engineering in Medicine and Biology Society. 26th Annual International Conference},
    title={Real time monitoring of ischemic changes in electrocardiograms using discrete Hermite functions},
    pages={438-441},
    author={Raghavan Gopalakrishnan and Soumyadipta Acharya and Dale H. Mugler},
    address={San Francisco, USA}
}

@article{Tompkins85, 
    author={Jiapu Pan and Willis J. Tompkins},
    journal={Biomedical Engineering, IEEE Transactions on},
    title={A Real-Time QRS Detection Algorithm},
    year={1985},
    volume={BME-32},
    number={3},
    pages={230-236}, 
    issn={0018-9294}
}

@book{Tompkins93,
    editor={Tompkins, Willis J.},
    title={Biomedical digital signal processing: C-language examples and laboratory experiments for the IBM PC},
    year={1993},
    isbn={0-13-067216-5},
    publisher={Prentice-Hall, Inc.},
    address={Upper Saddle River, NJ, USA}
} 

@article{Duskalov98, 
    author={I. K. Duskalov and I. A. Dotsinsky and I. I. Christov},
    journal={Engineering in Medicine and Biology Magazine, IEEE},
    title={Developments in ECG acquisition, preprocessing, parameter measurement, and recording},
    year={1998},
    volume={17},
    number={2},
    pages={50-58},
    issn={0739-5175}
}

@inproceedings{Badilini91, 
    author={F. Badilini and Arthur J. Moss and Edward L. Titlebaum},
    booktitle={Engineering in Medicine and Biology Society, 1991. Vol.13: 1991., Proceedings of the Annual International Conference of the IEEE},
    title={Cubic Spline Baseline Estimation In Ambulatory ECg Recordings For The Measurement Of ST Segment Displacements},
    year={1991},
    pages={584-585}
}

@inproceedings{Mugler02, 
    author={Mugler, D.H. and Clary, S. and Yan Wu},
    booktitle={Digital Signal Processing Workshop, 2002 and the 2nd Signal Processing Education Workshop. Proceedings of 2002 IEEE 10th},
    title={Discrete Hermite expansion of digital signals: applications to ECG signals},
    year={2002},
    pages={262-267}
}

@misc{WikiSTSeg13,
    key = {Wikipedia},
    title = {{ST Segment}},
    month = sep,
    year = {2013},
    howpublished = {\url{http://en.wikipedia.org/wiki/ST_segment}}
}
