% This file was created with JabRef 2.10.
% Encoding: Cp1252


@Book{Abramowitz1974,
  Title                    = {Handbook of Mathematical Functions, With Formulas, Graphs, and Mathematical Tables,},
  Author                   = {Abramowitz, Milton},
  Publisher                = {Dover Publications, Incorporated},
  Year                     = {1974},

  ISBN                     = {0486612724}
}

@InProceedings{Afsar2007,
  Title                    = {Detection of ST Segment Deviation Episodes in the ECG using KLT with an Ensemble Neural Classifier},
  Author                   = {Afsar, F.A. and Arif, M.},
  Booktitle                = {Emerging Technologies, 2007. ICET 2007. International Conference on},
  Year                     = {2007},
  Month                    = {Nov},
  Pages                    = {11-16},

  Doi                      = {10.1109/ICET.2007.4516307}
}

@Article{Akselrod1987,
  Title                    = {Computerised analysis of ST segment changes in ambulatory electrocardiograms},
  Author                   = {Akselrod, S. and Norymberg, M. and Peled, I. and Karabelnik, E. and Green, M.S.},
  Journal                  = {Medical and Biological Engineering and Computing},
  Year                     = {1987},
  Number                   = {5},
  Pages                    = {513-519},
  Volume                   = {25},

  Doi                      = {10.1007/BF02441743},
  ISSN                     = {0140-0118},
  Language                 = {English},
  Publisher                = {Kluwer Academic Publishers}
}

@InProceedings{Andreao2004,
  Title                    = {ST-segment analysis using hidden Markov Model beat segmentation: application to ischemia detection},
  Author                   = {Andreao, R.V. and Dorizzi, B. and Boudy, J. and Mota, J. C M},
  Booktitle                = {Computers in Cardiology, 2004},
  Year                     = {2004},
  Month                    = {Sept},
  Pages                    = {381-384},

  Doi                      = {10.1109/CIC.2004.1442952}
}

@Misc{Antipuesto2014,
  Title                    = {Myocardial Infarction},

  Author                   = {Daisy Jane Antipuesto},
  Month                    = {Mar},
  Year                     = {2014},

  Url                      = {http://nursingcrib.com/nursing-care-plan/nursing-care-plan-myocardial-infarction/}
}

@Misc{Atkielski2007,
  Title                    = {Schematic diagram of normal sinus rhythm for a human heart as seen on ECG},

  Author                   = {Anthony Atkielski},
  Month                    = {Jan},
  Year                     = {2007},

  Url                      = {http://en.wikipedia.org/wiki/Qrs_complex}
}

@Book{Augustyniak2009,
  Title                    = {Ubiquitous cardiology: emerging wireless telemedical applications},
  Author                   = {P. Augustyniak and R. Tadeusiewicz},
  Publisher                = {Information Science Reference},
  Year                     = {2009}
}

@InProceedings{Badilini1992,
  Title                    = {Beat-to-beat quantification and analysis of ST displacement from Holter ECGs: a new approach to ischemia detection},
  Author                   = {Badilini, F. and Merri, M. and Benhorin, J. and Moss, A.J.},
  Booktitle                = {Computers in Cardiology 1992, Proceedings of},
  Year                     = {1992},
  Month                    = {Oct},
  Pages                    = {179-182},

  Doi                      = {10.1109/CIC.1992.269417}
}

@InProceedings{Badilini1991,
  Title                    = {Cubic Spline Baseline Estimation In Ambulatory ECg Recordings For The Measurement Of ST Segment Displacements},
  Author                   = {Badilini, F. and Moss, Arthur J. and Titlebaum, Edward L.},
  Booktitle                = {Engineering in Medicine and Biology Society, 1991. Vol.13: 1991., Proceedings of the Annual International Conference of the IEEE},
  Year                     = {1991},
  Month                    = {Oct},
  Pages                    = {584-585},

  Doi                      = {10.1109/IEMBS.1991.684093}
}

@Misc{Blanchard2008,
  Title                    = {FIR filter structure},

  Author                   = {J. Blanchard},
  Month                    = {Feb},
  Year                     = {2008},

  Url                      = {http://en.wikipedia.org/wiki/Finite_impulse_response}
}

@TechReport{Brasil2002,
  Title                    = {Portaria n.Ã‚Âº 1101/GM},
  Author                   = {Brasil},
  Institution              = {Minist{\'e}rio de Estado da Sa{\'u}de do Brasil},
  Year                     = {2002},
  Month                    = {Jun},

  Url                      = {http://dtr2001.saude.gov.br/sas/PORTARIAS/Port2002/Gm/GM-1101.htm}
}

@Article{Castells2007,
  Title                    = {Principal Component Analysis in ECG Signal Processing},
  Author                   = {Castells, Francisco and Laguna, Pablo and Sornmo, Leif and Bollmann, Andreas and Roig, Jose Millet},
  Journal                  = {EURASIP Journal on Advances in Signal Processing},
  Year                     = {2007},
  Number                   = {1},
  Pages                    = {074580},
  Volume                   = {2007},

  Doi                      = {10.1155/2007/74580},
  ISSN                     = {1687-6180}
}

@Article{Chen2006,
  Title                    = {A real-time QRS detection method based on moving-averaging incorporating with wavelet denoising},
  Author                   = {Szi-Wen Chen and Hsiao-Chen Chen and Hsiao-Lung Chan},
  Journal                  = {Computer Methods and Programs in Biomedicine },
  Year                     = {2006},
  Number                   = {3},
  Pages                    = {187 - 195},
  Volume                   = {82},

  Doi                      = {http://dx.doi.org/10.1016/j.cmpb.2005.11.012},
  ISSN                     = {0169-2607}
}

@Article{Chu1989,
  Title                    = {Impulsive noise suppression and background normalization of electrocardiogram signals using morphological operators},
  Author                   = {Chu, C.-H.H. and Delp, E.J.},
  Journal                  = {Biomedical Engineering, IEEE Transactions on},
  Year                     = {1989},

  Month                    = {Feb},
  Number                   = {2},
  Pages                    = {262-273},
  Volume                   = {36},

  Doi                      = {10.1109/10.16474},
  ISSN                     = {0018-9294}
}

@Book{Clifford2006,
  Title                    = {Advanced Methods And Tools for ECG Data Analysis},
  Author                   = {Clifford, Gari D. and Azuaje, Francisco and McSharry, Patrick},
  Publisher                = {Artech House, Inc.},
  Year                     = {2006},

  Address                  = {Norwood, MA, USA},

  __markedentry            = {[Diego Sogari:]},
  ISBN                     = {1580539661}
}

@InProceedings{Couceiro2008,
  Title                    = {On the detection of Premature Ventricular Contractions},
  Author                   = {Couceiro, R. and Carvalho, P. and Henriques, J. and Antunes, M.},
  Booktitle                = {Engineering in Medicine and Biology Society, 2008. EMBS 2008. 30th Annual International Conference of the IEEE},
  Year                     = {2008},
  Month                    = {Aug},
  Pages                    = {1087-1091},

  Doi                      = {10.1109/IEMBS.2008.4649349},
  ISSN                     = {1557-170X}
}

@Misc{blaufuss,
  Title                    = {Normal Heart Conduction System},

  Author                   = {D Criley},

  Url                      = {www.blaufuss.org}
}

@Misc{Damato2009,
  Title                    = {Plot of first 5 Hermite polynomials},

  Author                   = {Alessio Damato},
  Month                    = {Mar},
  Year                     = {2009},

  Url                      = {http://en.wikipedia.org/wiki/Hermite_polynomials}
}

@Article{Daskalov1998,
  Title                    = {Developments in ECG acquisition, preprocessing, parameter measurement, and recording},
  Author                   = {Daskalov, I.K. and Dotsinsky, I.A. and Christov, I.I.},
  Journal                  = {Engineering in Medicine and Biology Magazine, IEEE},
  Year                     = {1998},

  Month                    = {March},
  Number                   = {2},
  Pages                    = {50-58},
  Volume                   = {17},

  Doi                      = {10.1109/51.664031},
  ISSN                     = {0739-5175}
}

@Misc{Dems2009,
  Title                    = {Plot of first 5 Hermite functions},

  Author                   = {Maciej Dems},
  Month                    = {Feb},
  Year                     = {2009},

  Url                      = {http://en.wikipedia.org/wiki/Hermite_polynomials}
}

@Book{Dubin2000,
  Title                    = {Rapid interpretation of EKG's: an interactive course},
  Author                   = {Dubin, Dale},
  Publisher                = {Cover Pub. Co.},
  Year                     = {2000},

  ISBN                     = {9780912912066}
}

@Article{Elgendi2013,
  Title                    = {Fast QRS Detection with an Optimized Knowledge-Based Method: Evaluation on 11 Standard ECG Databases},
  Author                   = {Elgendi, , Mohamed},
  Journal                  = {PLoS ONE},
  Year                     = {2013},

  Month                    = {09},
  Number                   = {9},
  Pages                    = {e73557},
  Volume                   = {8},

  Doi                      = {10.1371/journal.pone.0073557},
  Publisher                = {Public Library of Science}
}

@Article{Exarchos2006,
  Title                    = {An association rule mining-based methodology for automated detection of ischemic ECG beats},
  Author                   = {Exarchos, T.P. and Papaloukas, C. and Fotiadis, D.I. and Michalis, L.K.},
  Journal                  = {Biomedical Engineering, IEEE Transactions on},
  Year                     = {2006},

  Month                    = {Aug},
  Number                   = {8},
  Pages                    = {1531-1540},
  Volume                   = {53},

  Doi                      = {10.1109/TBME.2006.873753},
  ISSN                     = {0018-9294}
}

@Article{Exarchos2007,
  Title                    = {A methodology for the automated creation of fuzzy expert systems for ischaemic and arrhythmic beat classification based on a set of rules obtained by a decision tree},
  Author                   = {Themis P. Exarchos and Markos G. Tsipouras and Costas P. Exarchos and Costas Papaloukas and Dimitrios I. Fotiadis and Lampros K. Michalis},
  Journal                  = {Artificial Intelligence in Medicine},
  Year                     = {2007},
  Number                   = {3},
  Pages                    = {187 - 200},
  Volume                   = {40},

  Doi                      = {http://dx.doi.org/10.1016/j.artmed.2007.04.001},
  ISSN                     = {0933-3657}
}

@Article{Fisch2000,
  Title                    = {Centennial of the string galvanometer and the electrocardiogram},
  Author                   = {Charles Fisch},
  Journal                  = {Journal of the American College of Cardiology},
  Year                     = {2000},
  Number                   = {6},
  Pages                    = {1737 - 1745},
  Volume                   = {36},

  Doi                      = {http://dx.doi.org/10.1016/S0735-1097(00)00976-1},
  ISSN                     = {0735-1097}
}

@Article{Garcia2000,
  Title                    = {Automatic detection of ST-T complex changes on the ECG using filtered RMS difference series: application to ambulatory ischemia monitoring},
  Author                   = {Garcia, J. and Sornmo, L. and Olmos, S. and Laguna, P.},
  Journal                  = {Biomedical Engineering, IEEE Transactions on},
  Year                     = {2000},

  Month                    = {Sept},
  Number                   = {9},
  Pages                    = {1195-1201},
  Volume                   = {47},

  Doi                      = {10.1109/10.867943},
  ISSN                     = {0018-9294}
}

@Article{Goldberger2000,
  Title                    = {PhysioBank, PhysioToolkit, and PhysioNet: Components of a New Research Resource for Complex Physiologic Signals},
  Author                   = {Goldberger, Ary L. and Amaral, Luis A. N. and Glass, Leon and Hausdorff, Jeffrey M. and Ivanov, Plamen Ch. and Mark, Roger G. and Mietus, Joseph E. and Moody, George B. and Peng, Chung-Kang and Stanley, H. Eugene},
  Journal                  = {Circulation},
  Year                     = {2000},
  Number                   = {23},
  Pages                    = {e215-e220},
  Volume                   = {101},

  Doi                      = {10.1161/01.CIR.101.23.e215},
  Eprint                   = {http://circ.ahajournals.org/content/101/23/e215.full.pdf+html}
}

@Article{Goletsis2004,
  Title                    = {Automated ischemic beat classification using genetic algorithms and multicriteria decision analysis},
  Author                   = {Goletsis, Y. and Papaloukas, C. and Fotiadis, D.I. and Likas, A. and Michalis, L.K.},
  Journal                  = {Biomedical Engineering, IEEE Transactions on},
  Year                     = {2004},

  Month                    = {Oct},
  Number                   = {10},
  Pages                    = {1717-1725},
  Volume                   = {51},

  Doi                      = {10.1109/TBME.2004.828033},
  ISSN                     = {0018-9294}
}

@InProceedings{Gopalakrishnan2004,
  Title                    = {Real time monitoring of ischemic changes in electrocardiograms using discrete Hermite functions},
  Author                   = {Gopalakrishnan, R. and Acharya, S. and Mugler, D.H.},
  Booktitle                = {Engineering in Medicine and Biology Society, 2004. IEMBS '04. 26th Annual International Conference of the IEEE},
  Year                     = {2004},
  Month                    = {Sept},
  Pages                    = {438-441},
  Volume                   = {1},

  Doi                      = {10.1109/IEMBS.2004.1403188}
}

@Misc{yale,
  Title                    = {Illustration of the Coronary Arteries},

  Author                   = {Yale Medical Group},

  Url                      = {www.yalemedicalgroup.org}
}

@Article{Hamilton1986,
  Title                    = {Quantitative Investigation of QRS Detection Rules Using the MIT/BIH Arrhythmia Database},
  Author                   = {Hamilton, Patrick S. and Tompkins, Willis J.},
  Journal                  = {Biomedical Engineering, IEEE Transactions on},
  Year                     = {1986},

  Month                    = {Dec},
  Number                   = {12},
  Pages                    = {1157-1165},
  Volume                   = {BME-33},

  Doi                      = {10.1109/TBME.1986.325695},
  ISSN                     = {0018-9294}
}

@Article{Harris1978,
  Title                    = {On the use of windows for harmonic analysis with the discrete Fourier transform},
  Author                   = {Harris, F.J.},
  Journal                  = {Proceedings of the IEEE},
  Year                     = {1978},

  Month                    = {Jan},
  Number                   = {1},
  Pages                    = {51-83},
  Volume                   = {66},

  Doi                      = {10.1109/PROC.1978.10837},
  ISSN                     = {0018-9219}
}

@Article{Jager2003,
  Title                    = {Long-term ST database: A reference for the development and evaluation of automated ischaemia detectors and for the study of the dynamics of myocardial ischaemia},
  Author                   = {Jager, F. and Taddei, A. and Moody, G.B. and Emdin, M. and Antolic, G. and Dorn, R. and Smrdel, A. and Marchesi, C. and Mark, R.G.},
  Journal                  = {Medical and Biological Engineering and Computing},
  Year                     = {2003},
  Number                   = {2},
  Pages                    = {172-182},
  Volume                   = {41},

  Doi                      = {10.1007/BF02344885},
  ISSN                     = {0140-0118},
  Language                 = {English},
  Publisher                = {Springer-Verlag}
}

@Article{Kaiser1980,
  Title                    = {On the use of the I0-sinh window for spectrum analysis},
  Author                   = {Kaiser, J. and Schafer, R.W.},
  Journal                  = {Acoustics, Speech and Signal Processing, IEEE Transactions on},
  Year                     = {1980},

  Month                    = {Feb},
  Number                   = {1},
  Pages                    = {105-107},
  Volume                   = {28},

  Doi                      = {10.1109/TASSP.1980.1163349},
  ISSN                     = {0096-3518}
}

@Misc{Klabunde2008,
  Title                    = {Precordial leads},

  Author                   = {Richard E. Klabunde},
  Month                    = {Nov},
  Year                     = {2008},

  Url                      = {http://www.cvphysiology.com/Arrhythmias/A013c.htm}
}

@InCollection{Krishnan2007,
  Title                    = {ECG Signal Conditioning by Morphological Filters},
  Author                   = {Krishnan, ShankarM. and Keong, KwohChee and Yan, Sun and Luk, ChanKap},
  Booktitle                = {Advances in Cardiac Signal Processing},
  Publisher                = {Springer Berlin Heidelberg},
  Year                     = {2007},
  Editor                   = {Acharya, U.Rajendra and Suri, JasjitS. and Spaan, JosA.E. and Krishnan, ShankarM.},
  Pages                    = {311-326},

  Doi                      = {10.1007/978-3-540-36675-1_13},
  ISBN                     = {978-3-540-36674-4}
}

@Article{Lynn1977,
  Title                    = {Online digital filters for biological signals: some fast designs for a small computer},
  Author                   = {Lynn, P.A.},
  Journal                  = {Medical and Biological Engineering and Computing},
  Year                     = {1977},
  Number                   = {5},
  Pages                    = {534-540},
  Volume                   = {15},

  Doi                      = {10.1007/BF02442281},
  ISSN                     = {0140-0118},
  Language                 = {English},
  Publisher                = {Kluwer Academic Publishers}
}

@Article{Lynn1971,
  Title                    = {Recursive digital filters for biological signals},
  Author                   = {Lynn, P.A.},
  Journal                  = {Medical and biological engineering},
  Year                     = {1971},
  Number                   = {1},
  Pages                    = {37-43},
  Volume                   = {9},

  Doi                      = {10.1007/BF02474403},
  ISSN                     = {0025-696X},
  Language                 = {English},
  Publisher                = {Kluwer Academic Publishers}
}

@Article{Maglaveras1998,
  Title                    = {An adaptive backpropagation neural network for real-time ischemia episodes detection: development and performance analysis using the European ST-T database},
  Author                   = {Maglaveras, N. and Stamkopoulos, T. and Pappas, C. and Strintzis, M.G.},
  Journal                  = {Biomedical Engineering, IEEE Transactions on},
  Year                     = {1998},

  Month                    = {July},
  Number                   = {7},
  Pages                    = {805-813},
  Volume                   = {45},

  Doi                      = {10.1109/10.686788},
  ISSN                     = {0018-9294}
}

@TechReport{Mathers2008,
  Title                    = {The global burden of disease: 2004 update},
  Author                   = {Mathers, Colin. and Fat, Doris Ma. and Boerma, J. T. and World Health Organization},
  Institution              = {World Health Organization},
  Year                     = {2008},

  ISBN                     = { 9789241563710 9241563710 },
  Language                 = { English },
  Life-dates               = { 2008 - },
  Pages                    = { vii, 146 p. : },
  Publisher                = { World Health Organization Geneva, Switzerland },
  Url                      = {http://nla.gov.au/nla.cat-vn4582558}
}

@InProceedings{Milosavljevic2006,
  Title                    = {ST Segment Change Detection by Means of Wavelets},
  Author                   = {Milosavljevic, N. and Petrovic, A.},
  Booktitle                = {Neural Network Applications in Electrical Engineering, 2006. NEUREL 2006. 8th Seminar on},
  Year                     = {2006},
  Month                    = {Sept},
  Pages                    = {137-140},

  Doi                      = {10.1109/NEUREL.2006.341196}
}

@InProceedings{Mohebbi2007,
  Title                    = {Real-Time Ischemic Beat Classification Using Backpropagation Neural Network},
  Author                   = {Mohebbi, M. and Moghadam, H. A.},
  Booktitle                = {Signal Processing and Communications Applications, 2007. SIU 2007. IEEE 15th},
  Year                     = {2007},
  Month                    = {June},
  Pages                    = {1-4},

  Doi                      = {10.1109/SIU.2007.4298792}
}

@Misc{Moody2011,
  Title                    = {WFDB Applications Guide},

  Author                   = {George B. Moody},
  Year                     = {2011},

  Url                      = {http://www.physionet.org/physiotools/wag/wag.htm}
}

@InProceedings{Mugler2002,
  Title                    = {Discrete Hermite expansion of digital signals: applications to ECG signals},
  Author                   = {Mugler, D.H. and Clary, S. and Yan Wu},
  Booktitle                = {Digital Signal Processing Workshop, 2002 and the 2nd Signal Processing Education Workshop. Proceedings of 2002 IEEE 10th},
  Year                     = {2002},
  Month                    = {Oct},
  Pages                    = {262-267},

  Doi                      = {10.1109/DSPWS.2002.1231115}
}

@Article{Okada1979,
  Title                    = {A Digital Filter for the ORS Complex Detection},
  Author                   = {Okada, Masahiko},
  Journal                  = {Biomedical Engineering, IEEE Transactions on},
  Year                     = {1979},

  Month                    = {Dec},
  Number                   = {12},
  Pages                    = {700-703},
  Volume                   = {BME-26},

  Doi                      = {10.1109/TBME.1979.326461},
  ISSN                     = {0018-9294}
}

@TechReport{IBGE2009,
  Title                    = {Estat{\'i}sticas da Sa{\'u}de: Assist{\^e}ncia M{\'e}dico-Sanit{\'a}ria},
  Author                   = {Luiz Ant{\^o}nio Pinto de Oliveira and Roberto Cavararo},
  Institution              = {Instituto Brasileiro de Geografia e Estat{\'i}stica},
  Year                     = {2009},

  Url                      = {http://www.ibge.gov.br/home/estatistica/populacao/condicaodevida/ams/2009/ams2009.pdf}
}

@Book{Oppenheim2009,
  Title                    = {Discrete-Time Signal Processing},
  Author                   = {Oppenheim, Alan V. and Schafer, Ronald W.},
  Publisher                = {Prentice-Hall, Inc.},
  Year                     = {2009},

  Address                  = {Upper Saddle River, NJ, USA},
  Edition                  = {Third},

  Isbn13                   = {978-0-13-198842-2}
}

@Article{Pan1985,
  Title                    = {A Real-Time QRS Detection Algorithm},
  Author                   = {Pan, Jiapu and Tompkins, Willis J.},
  Journal                  = {Biomedical Engineering, IEEE Transactions on},
  Year                     = {1985},

  Month                    = {March},
  Number                   = {3},
  Pages                    = {230-236},
  Volume                   = {BME-32},

  Doi                      = {10.1109/TBME.1985.325532},
  ISSN                     = {0018-9294}
}

@InProceedings{Pang2005,
  Title                    = {Real time heart ischemia detection in the smart home care system},
  Author                   = {Pang, L. and Tchoudovski, I. and Bolz, A. and Braecklein, M. and Egorouchkina, K. and Kellermann, W.},
  Booktitle                = {Engineering in Medicine and Biology Society, 2005. IEEE-EMBS 2005. 27th Annual International Conference of the},
  Year                     = {2005},
  Month                    = {Jan},
  Pages                    = {3703-3706},

  Doi                      = {10.1109/IEMBS.2005.1617286}
}

@Article{Papaloukas2000,
  Title                    = {A knowledge-based technique for automated detection of ischaemic episodes in long duration electrocardiograms},
  Author                   = {Papaloukas, C. and Fotiadis, D.I. and Liavas, A.P. and Likas, A. and Michalis, L.K.},
  Journal                  = {Medical and Biological Engineering and Computing},
  Year                     = {2000},
  Number                   = {1},
  Pages                    = {105-112},
  Volume                   = {39},

  Doi                      = {10.1007/BF02345273},
  ISSN                     = {0140-0118},
  Language                 = {English},
  Publisher                = {Springer-Verlag}
}

@Article{Papaloukas2002,
  Title                    = {Use of a novel rule-based expert system in the detection of changes in the ST segment and the T wave in long duration ECGs},
  Author                   = {Papaloukas, C and Fotiadis, DI and Likas, A and Stroumbis, CS and Michalis, LK},
  Journal                  = {Journal of electrocardiology},
  Year                     = {2002},

  Month                    = {January},
  Number                   = {1},
  Pages                    = {27—34},
  Volume                   = {35},

  Doi                      = {10.1054/jelc.2002.30700},
  ISSN                     = {0022-0736}
}

@Article{Papaloukas2001,
  Title                    = {An Ischemia Detection Method Based on Artificial Neural Networks},
  Author                   = {Papaloukas, Costas and Fotiadis, Dimitrios I and Likas, Aristidis and Michalis, Lampros K},
  Journal                  = {Artif. Intell. Med.},
  Year                     = {2001},

  Month                    = {Jun},
  Number                   = {2},
  Pages                    = {167--178},
  Volume                   = {24},

  Address                  = {Essex, UK},
  Doi                      = {10.1016/S0933-3657(01)00100-2},
  ISSN                     = {0933-3657},
  Issue_date               = {February, 2002},
  Numpages                 = {12},
  Publisher                = {Elsevier Science Publishers Ltd.}
}

@Article{Park1998,
  Title                    = {Application of a wavelet adaptive filter to minimise distortion of the ST-segment},
  Author                   = {Park, K.L. and Lee, K.J. and Yoon, H.R.},
  Journal                  = {Medical and Biological Engineering and Computing},
  Year                     = {1998},
  Number                   = {5},
  Pages                    = {581-586},
  Volume                   = {36},

  Doi                      = {10.1007/BF02524427},
  ISSN                     = {0140-0118},
  Language                 = {English},
  Publisher                = {Kluwer Academic Publishers}
}

@Article{Ranjith2003,
  Title                    = {ECG analysis using wavelet transform: application to myocardial ischemia detection},
  Author                   = {P Ranjith and P.C Baby and P Joseph},
  Journal                  = {ITBM-RBM},
  Year                     = {2003},
  Number                   = {1},
  Pages                    = {44 - 47},
  Volume                   = {24},

  Doi                      = {http://dx.doi.org/10.1016/S1297-9562(03)00003-2},
  ISSN                     = {1297-9562}
}

@Article{Rocha2010,
  Title                    = {A lead dependent ischemic episodes detection strategy using Hermite functions},
  Author                   = {T. Rocha and S. Paredes and P. Carvalho and J. Henriques and M. Harris and J. Morais and M. Antumes},
  Journal                  = {Biomedical Signal Processing and Control},
  Year                     = {2010},
  Number                   = {4},
  Pages                    = {271 - 281},
  Volume                   = {5},

  Doi                      = {http://dx.doi.org/10.1016/j.bspc.2010.07.001},
  ISSN                     = {1746-8094}
}

@Article{Senhadji1995,
  Title                    = {Comparing wavelet transforms for recognizing cardiac patterns},
  Author                   = {Senhadji, L. and Carrault, G. and Bellanger, J. -J and Passariello, G.},
  Journal                  = {Engineering in Medicine and Biology Magazine, IEEE},
  Year                     = {1995},

  Month                    = {Mar},
  Number                   = {2},
  Pages                    = {167-173},
  Volume                   = {14},

  Doi                      = {10.1109/51.376755},
  ISSN                     = {0739-5175}
}

@InProceedings{Stamkopoulos1997,
  Title                    = {Ischemic classification techniques using an advanced neural network algorithm},
  Author                   = {Stamkopoulos, T. and Maglaveras, N. and Diamantaras, K. and Strintzis, M.},
  Booktitle                = {Computers in Cardiology 1997},
  Year                     = {1997},
  Month                    = {Sep},
  Pages                    = {351-354},

  Doi                      = {10.1109/CIC.1997.647905},
  ISSN                     = {0276-6547}
}

@PhdThesis{Sun2002,
  Title                    = {Arrhythmia Recognition from Electrocardiogram Using Non-linear Analysis and Unsupervised Clustering Techniques},
  Author                   = {Sun, Yan},
  School                   = {Nanyang Technological University, School of Electrical and Electronic Engineering},
  Year                     = {2002},

  Publisher                = {Nanyang Technological University, School of Electrical and Electronic Engineering},
  Url                      = {http://hdl.handle.net/10356/3312}
}

@Article{Sun2005,
  Title                    = {Characteristic wave detection in ECG signal using morphological transform},
  Author                   = {Sun, Yan and Chan, Kap and Krishnan, Shankar},
  Journal                  = {BMC Cardiovascular Disorders},
  Year                     = {2005},

  Month                    = {Sep},
  Number                   = {1},
  Volume                   = {5},

  Doi                      = {10.1186/1471-2261-5-28},
  Eid                      = {28},
  Language                 = {English},
  Publisher                = {BioMed Central}
}

@Article{Suppappola1994,
  Title                    = {Nonlinear transforms of ECG signals for digital QRS detection: a quantitative analysis},
  Author                   = {Suppappola, S. and Ying Sun},
  Journal                  = {Biomedical Engineering, IEEE Transactions on},
  Year                     = {1994},

  Month                    = {April},
  Number                   = {4},
  Pages                    = {397-400},
  Volume                   = {41},

  Doi                      = {10.1109/10.284971},
  ISSN                     = {0018-9294}
}

@Article{Taddei1992,
  Title                    = {The European ST-T database: standard for evaluating systems for the analysis of ST-T changes in ambulatory electrocardiography},
  Author                   = {Taddei, A. and Distante, G. and Emdin, M. and Pisani, P. and Moody, G. B. and Zeelenberg, C. and Marchesi, C.},
  Journal                  = {European Heart Journal},
  Year                     = {1992},
  Number                   = {9},
  Pages                    = {1164-1172},
  Volume                   = {13},

  Url                      = {http://eurheartj.oxfordjournals.org/content/13/9/1164.long}
}

@Book{Tompkins1993,
  Title                    = {Biomedical Digital Signal Processing: C-language Examples and Laboratory Experiments for the IBM PC},
  Author                   = {Tompkins, Willis J.},
  Editor                   = {Tompkins, Willis J.},
  Publisher                = {Prentice-Hall, Inc.},
  Year                     = {1993},

  Address                  = {Upper Saddle River, NJ, USA},

  ISBN                     = {0-13-067216-5}
}

@Article{Trahanias1993,
  Title                    = {An approach to QRS complex detection using mathematical morphology},
  Author                   = {Trahanias, P.E.},
  Journal                  = {Biomedical Engineering, IEEE Transactions on},
  Year                     = {1993},

  Month                    = {Feb},
  Number                   = {2},
  Pages                    = {201-205},
  Volume                   = {40},

  Doi                      = {10.1109/10.212060},
  ISSN                     = {0018-9294}
}

@Book{Vetterli1995,
  Title                    = {Wavelets and Subband Coding},
  Author                   = {Vetterli, Martin and Kovacevic, Jelena},
  Publisher                = {Prentice-Hall, Inc.},
  Year                     = {1995},

  Address                  = {Upper Saddle River, NJ, USA},

  ISBN                     = {0-13-097080-8}
}

@Article{Vila1997,
  Title                    = {SUTIL: Intelligent ischemia monitoring system},
  Author                   = {J. Vila and J. Presedo and M. Delgado and S. Barro and R. Ruiz and F. Palacios},
  Journal                  = {International Journal of Medical Informatics},
  Year                     = {1997},
  Number                   = {3},
  Pages                    = {193 - 214},
  Volume                   = {47},

  Doi                      = {http://dx.doi.org/10.1016/S1386-5056(97)00095-6},
  ISSN                     = {1386-5056}
}

@MastersThesis{Wolf2004,
  Title                    = {An{\'a}lise Autom{\'a}tica de Sinais Eletrocardiogr{\'a}ficos por Redes Neurais Artificiais},
  Author                   = {Alexandre Sturmer Wolf},
  School                   = {Departamento de Engenharia El{\'e}trica da PUC-Rio},
  Year                     = {2004},

  Address                  = {Rio de Janeiro, RJ},
  Month                    = {Feb},

  Url                      = {http://www2.dbd.puc-rio.br/pergamum/tesesabertas/0210429_04_pretextual.pdf}
}

